@book{Project2,
    title={Eigenvalue problems, from the equations of a buckling beam to Schroedinger's equation for two electrons in a three-dimensional harmonic oscillator well},
    author={Hjorth-Jensen, Morten}
    url={https://github.com/CompPhysics/ComputationalPhysics/blob/master/doc/Projects/2019/Project2/pdf/Project2.pdf}
}
