@book{CompFys2015MHJ,
  title={Computational Physics},
  author={Hjorth-Jensen, Morten},
  url={https://github.com/CompPhysics/ComputationalPhysics/blob/master/doc/Lectures/lectures2015.pdf},
  year={2015},
}

